@inproceedings{kopp2018markdown,
  title={Markdown Architectural Decision Records: Format and Tool Support.},
  author={Kopp, Oliver and Armbruster, Anita and Zimmermann, Olaf},
  booktitle={ZEUS},
  pages={55--62},
  year={2018}
}
@article{coombs1987markup,
  title={Markup systems and the future of scholarly text processing},
  author={Coombs, James H and Renear, Allen H and DeRose, Steven J},
  journal={Communications of the ACM},
  volume={30},
  number={11},
  pages={933--947},
  year={1987},
  publisher={ACM New York, NY, USA}
}
@inproceedings{voegler2014markdown,
  title={Markdown--A simple syntax for transcription of accessible study materials},
  author={Voegler, Jens and Bornschein, Jens and Weber, Gerhard},
  booktitle={Computers Helping People with Special Needs: 14th International Conference, ICCHP 2014, Paris, France, July 9-11, 2014, Proceedings, Part I 14},
  pages={545--548},
  year={2014},
  organization={Springer}
}
@techreport{leonard2016text,
  title={The text/markdown media type},
  author={Leonard, Sean},
  year={2016},
  url={https://www.rfc-editor.org/rfc/rfc7763.html}
}
@inproceedings{li2021understanding,
  title={Understanding and detecting performance bugs in markdown compilers},
  author={Li, Penghui and Liu, Yinxi and Meng, Wei},
  booktitle={2021 36th IEEE/ACM International Conference on Automated Software Engineering (ASE)},
  pages={892--904},
  year={2021},
  organization={IEEE}
}
@article{rantakari2011adapting,
  title={Adapting a Markdown Compiler's Parser for Syntax Highlighting},
  author={Rantakari, Ali},
  year={2011}
}