@inproceedings{kopp2018markdown,
  title={Markdown Architectural Decision Records: Format and Tool Support.},
  author={Kopp, Oliver and Armbruster, Anita and Zimmermann, Olaf},
  booktitle={ZEUS},
  pages={55--62},
  year={2018}
}
@inproceedings{voegler2014markdown,
  title={Markdown--A simple syntax for transcription of accessible study materials},
  author={Voegler, Jens and Bornschein, Jens and Weber, Gerhard},
  booktitle={Computers Helping People with Special Needs: 14th International Conference, ICCHP 2014, Paris, France, July 9-11, 2014, Proceedings, Part I 14},
  pages={545--548},
  year={2014},
  organization={Springer}
}
@website{gruber2004markdown,
  title={Markdown},
  author={Gruber, John},
  url = {http://daringfireball.net/projects/markdown/},
  year={2004}
}
@website{babelmark,
  title={Babelmark},
  author={Mutel, Alexandre},
  url={https://babelmark.github.io/},
  year={2016}
}
@website{commonmark,
  title={CommonMark},
  author={MacFarlane, John and Atwood, Jeff and others},
  url={https://commonmark.org/},
  year={2014}
}
@article{dominici2014overview,
  title={An overview of Pandoc},
  author={Dominici, Massimiliano},
  journal={TUGboat},
  volume={35},
  number={1},
  pages={44--50},
  year={2014}
}
@website{pandoc,
  title={Pandoc},
  author={MacFarlane, John},
  url={https://pandoc.org/},
}
@article{racine2019energy,
  title={Energy, economics, replication \& reproduction},
  author={Racine, Jeffrey S},
  journal={Energy Economics},
  volume={82},
  pages={264--275},
  year={2019},
  publisher={Elsevier}
}
@inproceedings{oelen2019content,
  title={Content authoring with markdown for visually impaired and blind users},
  author={Oelen, Allard and Auer, S{\"o}ren},
  booktitle={2019 ieee international symposium on multimedia (ism)},
  pages={285--290},
  year={2019},
  organization={IEEE}
}